@book{cook,
	author ={Stephen A. Cook},
	title  ={The Complexity of Theorem-proving Procedures},
	year   ={1971}

	}
@book{cnf,
    author        = {omkarkarande},
    title         = {CNF-Converter},
    year          = {2015},
    publisher     = {https://github.com/omkarkarande/CNF-Converter}
}

@misc{Benchmark,
	title = {\textbf{SATLIB} - Benchmark for \textbf{SAT} Problems},
	date = {01/08/11},
	howpublished = {\url{http://www.cs.ubc.ca/~hoos/SATLIB/benchm.html}}
}

